<?xml version="1.0" encoding="UTF-8"?><collection xmlns="http://www.loc.gov/MARC21/slim"><record><leader>00530nam--2200169-i-4500</leader><controlfield tag="001">000002429</controlfield><controlfield tag="002">20161230</controlfield><controlfield tag="005">20161230201025</controlfield><controlfield tag="008">060222s1000------------r-----000-0-fre-d</controlfield><datafield ind1=" " ind2=" " tag="041"><subfield code="a">fre</subfield></datafield><datafield ind1=" " ind2=" " tag="080"><subfield code="a">539.14(083)</subfield></datafield><datafield ind1="1" ind2=" " tag="100"><subfield code="a">Gregoire, R</subfield></datafield><datafield ind1="1" ind2="0" tag="245"><subfield code="a">Tables de constantes et donnees numeriques. constantes selectionnees. vol. 2. physique nucleaire. sous la direction de frederic joliot et irene curie</subfield><subfield code="c">R. gregoire</subfield></datafield><datafield ind1=" " ind2=" " tag="260"><subfield code="a">Paris</subfield><subfield code="b">Herman</subfield><subfield code="c">1948</subfield></datafield><datafield ind1=" " ind2=" " tag="300"><subfield code="a">131 P</subfield></datafield><datafield ind1=" " ind2=" " tag="852"><subfield code="a">10934</subfield><subfield code="c">53.081</subfield></datafield><datafield ind1=" " ind2=" " tag="CAT"><subfield code="a">Sys</subfield><subfield code="c">20151110</subfield><subfield code="h">095726</subfield></datafield></record></collection>